@inproceedings{zuckerman2006linear,
  title={Linear degree extractors and the inapproximability of max clique and chromatic number},
  author={Zuckerman, David},
  booktitle={Proceedings of the thirty-eighth annual ACM symposium on Theory of computing},
  pages={681--690},
  year={2006},
  organization={ACM}
}


@article{holyer1981np,
  title={The NP-completeness of edge-coloring},
  author={Holyer, Ian},
  journal={SIAM Journal on computing},
  volume={10},
  number={4},
  pages={718--720},
  year={1981},
  publisher={SIAM}
}

@article{alon1995color,
  title={Color-coding},
  author={Alon, Noga and Yuster, Raphael and Zwick, Uri},
  journal={Journal of the ACM (JACM)},
  volume={42},
  number={4},
  pages={844--856},
  year={1995},
  publisher={ACM}
}

@article{schmidt1990spatial,
  title={The spatial complexity of oblivious k-probe hash functions},
  author={Schmidt, Jeanette P and Siegel, Alan},
  journal={SIAM Journal on Computing},
  volume={19},
  number={5},
  pages={775--786},
  year={1990},
  publisher={SIAM}
}

