@article{yu2004minimizing,
  title={Minimizing makespan in a two-machine flow shop with delays and unit-time operations is {NP}-hard},
  author={Yu, Wenci and Hoogeveen, Han and Lenstra, Jan Karel},
  journal={Journal of Scheduling},
  volume={7},
  number={5},
  pages={333--348},
  year={2004},
  publisher={Springer}
}

@article{checko2014cloud,
  title={Cloud {RAN} for mobile networks - {A} technology overview},
  author={Checko, Aleksandra and Christiansen, Henrik L and Yan, Ying and Scolari, Lara and Kardaras, Georgios and Berger, Michael S and Dittmann, Lars},
  journal={IEEE Communications Surveys \& Tutorials},
  volume={17},
  number={1},
  pages={405--426},
  year={2014},
  publisher={IEEE}
}
@article{siddiqui2023urllc,
  title={URLLC in Beyond 5G and 6G Networks: An Interference Management Perspective},
  author={Siddiqui, Maraj Uddin Ahmed and Abumarshoud, Hanaa and Bariah, Lina and Muhaidat, Sami and Imran, Muhammad Ali and Mohjazi, Lina},
  journal={IEEE Access},
  year={2023},
  publisher={IEEE}
}
@article{dogra2020survey,
  title={A survey on beyond {5G} network with the advent of {6G}: Architecture and emerging technologies},
  author={Dogra, Anutusha and Jha, Rakesh Kumar and Jain, Shubha},
  journal={IEEE Access},
  volume={9},
  pages={67512--67547},
  year={2020},
  publisher={IEEE}
}


@manual{3gpp5g,
    organization  = "3GPP",
    title         = "3rd Generation Partnership Project;
Technical Specification Group Services and System Aspects;
Service requirements for the {5G} system;",
    note          = "Stage 1
(Release 16) "
}

@article{levner2010complexity,
  title={Complexity of cyclic scheduling problems: {A} state-of-the-art survey},
  author={Levner, Eugene and Kats, Vladimir and de Pablo, David Alcaide L{\'o}pez and Cheng, TC Edwin},
  journal={Computers \& Industrial Engineering},
  volume={59},
  number={2},
  pages={352--361},
  year={2010},
  publisher={Elsevier}
}

@book{downey2012parameterized,
  title={Parameterized {C}omplexity},
  author={Downey, Rodney G and Fellows, Michael Ralph},
  year={2012},
  address   = "",
  publisher={Springer Science \& Business Media}
}

@inproceedings{de2011treewidth,
  title={Treewidth and hyperbolicity of the internet},
  author={De Montgolfier, Fabien and Soto, Mauricio and Viennot, Laurent},
  booktitle={Network Computing and Applications (NCA), 10th IEEE International Symposium on},
  pages={25--32},
  year={2011},
  organization={IEEE}
}


@book{bouguen2012lte,
  title={LTE et les r{\'e}seaux {4G}},
  author={Bouguen, Yannick and Hardouin, Eric and Maloberti, Alain and Wolff, Fran{\c{c}}ois-Xavier},
  year={2012},
  address   = "Paris",
  publisher={Editions Eyrolles}
}
@TECHREPORT{mobile2011c,
  author={China Mobile},
  title={C-{RAN}: the road towards green {RAN}},
  MONTH =         {October},
  YEAR  =         {2011},
  URL   =         {shorturl.at/hLRSZ},
}

@article{boccardi2014five,
  title={Five disruptive technology directions for {5G}},
  author={Boccardi, Federico and Heath, Robert W and Lozano, Angel and Marzetta, Thomas L and Popovski, Petar},
  journal={IEEE Communications Magazine},
  volume={52},
  number={2},
  pages={74--80},
  year={2014},
  publisher={IEEE}
}

@inproceedings{venkatramani1994supporting,
  title={Supporting real-time traffic on Ethernet},
  author={Venkatramani, Chitra and Chiueh, Tzi-cker},
  booktitle={Real-Time Systems Symposium, 1994., Proceedings.},
  pages={282--286},
  year={1994},
  organization={IEEE}
}

@misc{khaunte2003technique,
  title={Technique for supporting tiers of traffic priority levels in a packet-switched network},
  author={Khaunte, Sunil},
  year={2003},
  month=apr # "~8",
  publisher={Google Patents},
  note={US Patent 6,546,017}
}



@article{5gppparchitecture,
  title={View on {5G} Architecture},
  author={5G PPP Architecture Working Group},
  journal={White Paper, ver},
  volume={1.0},
  year={2016}
}
@techreport{finn-detnet-architecture-08,
  number=   {draft-finn-detnet-architecture-08},
  type =    {Internet-Draft},
  institution = {Internet Engineering Task Force},
  publisher = {Internet Engineering Task Force},
  note =    {Work in Progress},
  url =   {https://tools.ietf.org/html/draft-finn-detnet-architecture-08},
  author=   {Norman Finn and Pascal Thubert},
  title=    {{Deterministic Networking Architecture}},
  pagetotal = 32,
  year =    2016
}


@article{rapportstage,
  title={Contention management for Deterministic Networking},
  author={Maël Guiraud},
  year={2016}
}
@misc{howe2005time,
  title={Time-scheduled and time-reservation packet switching},
  author={Howe, W.},
  url={https://www.google.com.gt/patents/US20050058149},
  year={2005},
  month=mar # "~17",
  publisher={Google Patents},
  note={US Patent App. 10/947,487}
}
@misc{leclerc2015contention,
  title={Contention avoidance in packet switched network equipments},
  author={Leclerc, B. and Marcé, O.},
  url={https://www.google.com/patents/EP2942916A1?cl=en},
  year={2015},
  month=nov # "~11",
  publisher={Google Patents},
  note={EP Patent App. EP20,140,167,163}
}
@misc{leclerc2016signaling,
  title={Signaling for transmission of coherent data flow within packet-switched network},
  author={Leclerc, B. and Marcé, O.},
  url={http://www.google.com.gt/patents/EP2978180A1?cl=en},
  year={2016},
  month=jan # "~27",
  publisher={Google Patents},
  note={EP Patent App. EP20,140,306,186}
}
@misc{leclerc2016transmission,
  title={Transmission of coherent data flow within packet-switched network},
  author={Leclerc, B. and Marcé, O.},
  url={https://www.google.com.gt/patents/EP3032781A1?cl=en},
  year={2016},
  month=jun # "~15",
  publisher={Google Patents},
  note={EP Patent App. EP20,140,307,006}
}
@article{gartner2023fast,
  title={Fast incremental reconfiguration of dynamic time-sensitive networks at runtime},
  author={G{\"a}rtner, Christoph and Rizk, Amr and Koldehofe, Boris and Guillaume, Ren{\'e} and Kundel, Ralf and Steinmetz, Ralf},
  journal={Computer Networks},
  volume={224},
  pages={109606},
  year={2023},
  publisher={Elsevier}
}
@ARTICLE{9234005,
  author={Zhang, Fangfang and Mei, Yi and Nguyen, Su and Zhang, Mengjie},
  journal={IEEE Transactions on Cybernetics}, 
  title={Evolving Scheduling Heuristics via Genetic Programming With Feature Selection in Dynamic Flexible Job-Shop Scheduling}, 
  year={2021},
  volume={51},
  number={4},
  pages={1797-1811},
  doi={10.1109/TCYB.2020.3024849}}
@misc{marce2018Coordinated ,
  title={Coordinated timing syncronization and time-aware shaping},
  author={Marcé, O. and Leclerc, B. and Guiraud, M.},
  url={https://patents.google.com/patent/US10743269B2/en},
  year={2018},
  publisher={Google Patents},
  note={US10743269B2}
}
@misc{roos1994method,
  title={Method and a device for supervising and testing majority voting},
  author={Roos, S.G.},
  url={https://www.google.com.gt/patents/US5305325},
  year={1994},
  month=apr # "~19",
  publisher={Google Patents},
  note={US Patent 5,305,325}
}
@misc{coherentflow,
  title={Reception of datagrams of a coherent flow},
  note={15305325.1}
}

@inproceedings{simons1978fast,
   author={Simons, Barbara},
  booktitle={19th {Annual Symposium on Foundations of Computer Science (SFCS 1978)}}, 
  title={A fast algorithm for single processor scheduling}, 
  year={1978},
  pages={246-252},
  doi={10.1109/SFCS.1978.4}}

@article{borndorfer1998frequency,
  title={Frequency assignment in cellular phone networks},
  author={Bornd{\"o}rfer, Ralf and Eisenbl{\"a}tter, Andreas and Gr{\"o}tschel, Martin and Martin, Alexander},
  journal={Annals of Operations Research},
  volume={76},
  pages={73--93},
  year={1998},
  publisher={Springer}
}

@incollection{zhu2006recent,
  title={Recent developments in circular colouring of graphs},
  author={Zhu, Xuding},
  booktitle={Topics in {Discrete M}athematics},
  pages={497--550},
  year={2006},
  publisher={Springer}
}

@article{zhou2013multiple,
  title={Multiple Circular Colouring as a Model for Scheduling},
  volume = {3},
  number = {3},
  pages = {162-166},
  year = {2013},
  doi = {https://doi.org/10.4236/ojdm.2013.33029.},
  author={Zhou, Bing},
  journal={Open Journal of Discrete Mathematics}
}



@article{zhu2001circular,
  title={Circular chromatic number: {A} survey},
  author={Zhu, Xuding},
  journal={Discrete mathematics},
  volume={229},
  number={1},
  pages={371--410},
  year={2001},
  publisher={Elsevier}
}
@article{romano2019imt,
  title={{IMT}-2020 Requirements and Realization},
  author={Romano, Giovanni},
  journal={Wiley 5G Ref: The Essential 5G Reference Online},
  pages={1--28},
  year={2019},
  publisher={Wiley Online Library}
}

@article{gavrilovska2020cloud,
  title={From {C}loud {RAN} to {O}pen {RAN}},
  author={Gavrilovska, Liljana and Rakovic, Valentin and Denkovski, Daniel},
  journal={Wirel. Pers. Commun.},
  volume={113},
  number={3},
  pages={1523--1539},
  year={2020}
}
@article{erlebach2001complexity,
  title={The complexity of path coloring and call scheduling},
  author={Erlebach, Thomas and Jansen, Klaus},
  journal={Theoretical Computer Science},
  volume={255},
  number={1},
  pages={33--50},
  year={2001},
  publisher={Elsevier}
}

@phdthesis{strotmann2007railway,
  title={Railway scheduling problems and their decomposition},
  author={Strotmann, Christian},
  year={2007},
  school={PhD thesis, Universit{\"a}t Osnabr{\"u}ck}
}



@article{cole1996benefit,
title = {On the Benefit of Supporting Virtual Channels in Wormhole Routers},
journal = {Journal of Computer and System Sciences},
volume = {62},
number = {1},
pages = {152-177},
year = {2001},
issn = {0022-0000},
doi = {https://doi.org/10.1006/jcss.2000.1701},
url = {https://www.sciencedirect.com/science/article/pii/S002200000091701X},
author = {Richard J. Cole and Bruce M. Maggs and Ramesh K. Sitaraman},
}

@misc{ieee802,
  title = {{Time-Sensitive Networking Task Group}},
  howpublished = {\url{https://www.ieee802.org/1/pages/tsn.html}},
  note = {Accessed: 2023-10-01}
}

@techreport{haleplidis2015software,
  title={Software-defined networking (sdn): Layers and architecture terminology},
  author={Haleplidis, Evangelos and Pentikousis, Kostas and Denazis, Spyros and Salim, J Hadi and Meyer, David and Koufopavlou, Odysseas},
  year={2015}
}

@article{ieeep802,
  title={Time-Sensitive Networks for Fronthaul},
  author={Time-Sensitive Networking Task Group of IEEE 802.1},
  year={2016},
  month={July},
  day={1},
  note={IEEE P802.1/D0.4}
}

@misc{howe2004time,
  title={Time-scheduled and time-reservation packet switching},
  author={Howe, Wayne},
  year={2004},
  month=sep # "~22",
  publisher={Google Patents},
  note={US Patent App. 10/947,487}
}
@article{holyer1981np,
  title={The {NP}-completeness of edge-coloring},
  author={Holyer, Ian},
  journal={SIAM Journal on computing},
  volume={10},
  number={4},
  pages={718--720},
  year={1981},
  publisher={SIAM}
}

@inproceedings{zuckerman2006linear,
  title={Linear degree extractors and the inapproximability of max clique and chromatic number},
  author={Zuckerman, David},
  booktitle={Proceedings of the thirty-eighth annual ACM symposium on Theory of computing},
  pages={681--690},
  year={2006},
  organization={ACM}
}

@article{orman1997complexity,
  title={On the complexity of coupled-task scheduling},
  author={Orman, Alex J and Potts, Chris N},
  journal={Discrete Applied Mathematics},
  volume={72},
  number={1-2},
  pages={141--154},
  year={1997},
  publisher={Elsevier}
}

@misc{webpage,
  title = { Yann Strozecki's website },
  howpublished = {\url{https://yann-strozecki.github.io/textesmaths.html}}
  }

@article{pizzinat2015things,
  title={Things you should know about fronthaul},
  author={Pizzinat, Anna and Chanclou, Philippe and Saliou, Fabienne and Diallo, Thierno},
  journal={Journal of Lightwave Technology},
  volume={33},
  number={5},
  pages={1077--1083},
  year={2015},
  publisher={IEEE}
}

@inproceedings{tayq2017real,
  title={Real time demonstration of the transport of ethernet fronthaul based on v{RAN} in optical access networks},
  author={Tayq, Z and Neto, L Anet and Le Guyader, B and De Lannoy, A and Chouaref, M and Aupetit-Berthelemot, C and Anjanappa, M Nelamangala and Nguyen, S and Chowdhury, K and Chanclou, P},
  booktitle={Optical Fiber Communications Conference and Exhibition (OFC), 2017},
  pages={1--3},
  year={2017},
}

@article{lenstra1977complexity,
  title={Complexity of machine scheduling problems},
  author={Lenstra, Jan Karel and Kan, AHG Rinnooy and Brucker, Peter},
  journal={Annals of discrete mathematics},
  volume={1},
  pages={343--362},
  year={1977},
  publisher={Elsevier}
}


@article{DBLP:journals/corr/abs-2002-07606,
  author    = {Ma{\"{e}}l Guiraud and
               Yann Strozecki},
  title     = {Scheduling periodic messages on a shared link},
  journal   = {CoRR},
  volume    = {abs/2002.07606},
  year      = {2020},
  url       = {https://arxiv.org/abs/2002.07606},
  eprinttype = {arXiv},
  eprint    = {2002.07606},
  timestamp = {Mon, 02 Mar 2020 16:46:06 +0100},
  biburl    = {https://dblp.org/rec/journals/corr/abs-2002-07606.bib},
  bibsource = {dblp computer science bibliography, https://dblp.org}
}

@inproceedings{korst1991periodic,
  title={Periodic multiprocessor scheduling},
  author={Korst, Jan and Aarts, Emile and Lenstra, Jan Karel and Wessels, Jaap},
  booktitle={PARLE’91 Parallel Architectures and Languages Europe},
  pages={166--178},
  year={1991},
  organization={Springer}
}

@book{hanen1993cyclic,
  title={Cyclic scheduling on parallel processors: an overview},
  author={Hanen, Claire and Munier, Alix},
  year={1993},
  address   = "Orsay",
  publisher={Universit{\'e} de Paris-Sud, Laboratoire de Recherche en Informatique}
}

@article{aupy2017periodic,
  title={Periodic I/O scheduling for super-computers},
  author={Aupy, Guillaume and Gainaru, Ana and F{\`e}vre, Valentin Le},
  journal={arXiv preprint arXiv:1702.06900},
  year={2017}
}

@inproceedings{barth2018deterministic,
  title={Deterministic scheduling of periodic messages for {C}loud {RAN}},
  author={Barth, Dominique and Guiraud, Ma{\"e}l and Leclerc, Brice and Marc{\'e}, Olivier and Strozecki, Yann},
  booktitle={2018 25th International Conference on Telecommunications (ICT)},
  pages={405--410},
  year={2018},
  organization={IEEE}
}

@article{bartharxiv2018deterministic,
  title={Deterministic Scheduling of Periodic Messages for Low Latency in {C}loud {RAN}},
  author={Barth, Dominique and Guiraud, Ma{\"e}l and Strozecki, Yann},
  journal={arXiv preprint arXiv:1801.07029},
  year={2018}
}


@article{nayak2017incremental,
  title={Incremental flow scheduling and routing in time-sensitive software-defined networks},
  author={Nayak, Naresh Ganesh and D{\"u}rr, Frank and Rothermel, Kurt},
  journal={IEEE Transactions on Industrial Informatics},
  volume={14},
  number={5},
  pages={2066--2075},
  year={2017},
  publisher={IEEE}
}

@article{steiner2018traffic,
  title={Traffic planning for time-sensitive communication},
  author={Steiner, Wilfried and Craciunas, Silviu S and Oliver, Ramon Serna},
  journal={IEEE Communications Standards Magazine},
  volume={2},
  number={2},
  pages={42--47},
  year={2018},
  publisher={IEEE}
}
@inproceedings{dos2019tsnsched,
  title={ {TSNSCHED: Automated Schedule Generation for Time Sensitive Networking}},
  author={dos Santos, Aellison Cassimiro T and Schneider, Ben and Nigam, Vivek},
  booktitle={2019 Formal Methods in Computer Aided Design (FMCAD)},
  pages={69--77},
  year={2019},
  organization={IEEE}
}

@INPROCEEDINGS{Guir1905:Deterministic,
AUTHOR={Dominique Barth and Maël Guiraud and Yann Strozecki},
TITLE={Deterministic Contention Management for Low Latency Cloud {RAN} over an
Optical Ring},
BOOKTITLE={ONDM 2019 - 23rd International Conference on Optical Network Design and
Modeling (ONDM 2019)},
YEAR={2019}
}

@article{lusby2011railway,
  title={Railway track allocation: models and methods},
  author={Lusby, Richard M and Larsen, Jesper and Ehrgott, Matthias and Ryan, David},
  journal={OR spectrum},
  volume={33},
  number={4},
  pages={843--883},
  year={2011},
  publisher={Springer}
}
@article{serafini1989mathematical,
  title={A mathematical model for periodic scheduling problems},
  author={Serafini, Paolo and Ukovich, Walter},
  journal={SIAM Journal on Discrete Mathematics},
  volume={2},
  number={4},
  pages={550--581},
  year={1989},
  publisher={SIAM}
}
@article{Schwiebert1996ANA,
  title={A Necessary and Sufficient Condition for Deadlock-Free Wormhole Routing},
  author={L. Schwiebert and D. Jayasimha},
  journal={J. Parallel Distributed Comput.},
  year={1996},
  volume={32},
  pages={103-117}
}

@phdthesis{guiraud2021deterministic,
  TITLE = {{Deterministic scheduling of periodic datagrams for low latency in {5G} and beyond}},
  AUTHOR = {Guiraud, Mae{\"e}l},
  URL = {https://tel.archives-ouvertes.fr/tel-03413419},
  NUMBER = {2021UPASG034},
  SCHOOL = {{Universit{\'e} Paris-Saclay}},
  YEAR = {2021},
  MONTH = Jun,
  KEYWORDS = {Cloud Radio Access Network ; Periodic scheduling ; Local search heuristics ; Complexity analysis ; Latency reduction ; Graph theory ; Cloud Radio Access Network ; Ordonnancement periodique ; Heuristiques de recherche locale ; Analyse de complexit{\'e} ; R{\'e}duction de la latence ; Theorie des graphes},
  PDF = {https://tel.archives-ouvertes.fr/tel-03413419/file/99357_GUIRAUD_2021_archivage.pdf},
  HAL_ID = {tel-03413419},
  HAL_VERSION = {v1},
}

@article{liu1973scheduling,
  title={Scheduling algorithms for multiprogramming in a hard-real-time environment},
  author={Liu, Chung Laung and Layland, James W},
  journal={Journal of the ACM (JACM)},
  volume={20},
  number={1},
  pages={46--61},
  year={1973},
  publisher={ACM New York, NY, USA}
}


@article{johnson1954optimal,
  title={Optimal two-and three-stage production schedules with setup times included},
  author={Johnson, Selmer Martin},
  journal={Naval research logistics quarterly},
  volume={1},
  number={1},
  pages={61--68},
  year={1954},
  publisher={Wiley Online Library}
}

@article{chen2021scheduling,
  title={Scheduling coupled tasks with exact delays for minimum total job completion time},
  author={Chen, Bo and Zhang, Xiandong},
  journal={Journal of Scheduling},
  volume={24},
  number={2},
  pages={209--221},
  year={2021},
  publisher={Springer}
}
@article{baptiste2010note,
  title={A note on scheduling identical coupled tasks in logarithmic time},
  author={Baptiste, Philippe},
  journal={Discrete Applied Mathematics},
  volume={158},
  number={5},
  pages={583--587},
  year={2010},
  publisher={Elsevier}
}

@article{shapiro1980scheduling,
  title={Scheduling coupled tasks},
  author={Shapiro, Roy D},
  journal={Naval Research Logistics Quarterly},
  volume={27},
  number={3},
  pages={489--498},
  year={1980},
  publisher={Wiley Online Library}
}

@article{khatami2020coupled,
  title={Coupled task scheduling with exact delays: Literature review and models},
  author={Khatami, Mostafa and Salehipour, Amir and Cheng, TCE},
  journal={European Journal of Operational Research},
  volume={282},
  number={1},
  pages={19--39},
  year={2020},
  publisher={Elsevier}
}

@article{leung2007scheduling,
  title={Scheduling two-machine flow shops with exact delays},
  author={Leung, Joseph Y-T and Li, Haibing and Zhao, Hairong},
  journal={International Journal of Foundations of Computer Science},
  volume={18},
  number={02},
  pages={341--359},
  year={2007},
  publisher={World Scientific}
}
@inproceedings{guiraud2022experimental,
  title={An Experimental Platform for Hard TSN},
  author={Guiraud, Ma{\"e}l and Leclerc, Brice and Marc{\'e}, Olivier},
  booktitle={2022 IEEE 19th Annual Consumer Communications \& Networking Conference (CCNC)},
  pages={913--916},
  year={2022},
  organization={IEEE}
}
@article{polese2023understanding,
  title={Understanding O-RAN: Architecture, interfaces, algorithms, security, and research challenges},
  author={Polese, Michele and Bonati, Leonardo and D’oro, Salvatore and Basagni, Stefano and Melodia, Tommaso},
  journal={IEEE Communications Surveys \& Tutorials},
  year={2023},
  publisher={IEEE}
}
@INPROCEEDINGS{9472838,
  author={Bhatia, Randeep and Lakshman, T.V. and Özkoç, Mustafa F. and Panwar, Shivendra},
  booktitle={2021 IFIP Networking Conference (IFIP Networking)}, 
  title={FlowToss: Fast Wait-Free Scheduling of Deterministic Flows in Time Synchronized Networks}, 
  year={2021},
  volume={},
  number={},
  pages={1-6},
  doi={10.23919/IFIPNetworking52078.2021.9472838}}
@inproceedings{DBLP:conf/ccnc/GuiraudLM22,
  author       = {Ma{\"{e}}l Guiraud and
                  Brice Leclerc and
                  Olivier Marc{\'{e}}},
  title        = {An Experimental Platform for Hard {TSN}},
  booktitle    = {19th {IEEE} Annual Consumer Communications {\&} Networking Conference,
                  {CCNC} 2022, Las Vegas, NV, USA, January 8-11, 2022},
  pages        = {913--916},
  publisher    = {{IEEE}},
  year         = {2022},
  url          = {https://doi.org/10.1109/CCNC49033.2022.9700643},
  doi          = {10.1109/CCNC49033.2022.9700643},
  timestamp    = {Mon, 28 Aug 2023 21:17:27 +0200},
  biburl       = {https://dblp.org/rec/conf/ccnc/GuiraudLM22.bib},
  bibsource    = {dblp computer science bibliography, https://dblp.org}
}
