@book{dahlman20185g,
  title={5G NR: The next generation wireless access technology},
  author={Dahlman, Erik and Parkvall, Stefan and Skold, Johan},
  year={2018},
  publisher={Academic Press}
}
@article{DBLP:journals/corr/abs-2002-07606,
  author    = {Ma{\"{e}}l Guiraud and
               Yann Strozecki},
  title     = {Scheduling periodic messages on a shared link},
  journal   = {CoRR},
  volume    = {abs/2002.07606},
  year      = {2020},
  url       = {https://arxiv.org/abs/2002.07606},
  archivePrefix = {arXiv},
  eprint    = {2002.07606},
  timestamp = {Mon, 02 Mar 2020 16:46:06 +0100},
  biburl    = {https://dblp.org/rec/journals/corr/abs-2002-07606.bib},
  bibsource = {dblp computer science bibliography, https://dblp.org}
}
@article{guiraudleclercmarce2021,
  author    = {Ma{\"{e}}l Guiraud and
               Olivier Marc{\'{e}} and Brice Leclerc},
  title     = {An Experimental Platform for Hyper TSN Flows Scheduling and Control Automation},

  note = {To be published}
}
 
@inproceedings{al2017modeling,
  title={Modeling time aware shaping in an Ethernet fronthaul},
  author={Al-Hares, Mohamad Kenan and Assimakopoulos, Philippos and Muench, Daniel and Gomes, Nathan J},
  booktitle={GLOBECOM 2017-2017 IEEE Global Communications Conference},
  pages={1--6},
  year={2017},
  organization={IEEE}
}
@inproceedings{DBLP:conf/ict/BarthGLMS18,
  author    = {Dominique Barth and
               Ma{\"{e}}l Guiraud and
               Brice Leclerc and
               Olivier Marc{\'{e}} and
               Yann Strozecki},
  title     = {Deterministic Scheduling of Periodic Messages for Cloud {RAN}},
  booktitle = {25th International Conference on Telecommunications, {ICT} 2018, Saint
               Malo, France, June 26-28, 2018},
  pages     = {405--410},
  publisher = {{IEEE}},
  year      = {2018},
  url       = {https://doi.org/10.1109/ICT.2018.8464890},
  doi       = {10.1109/ICT.2018.8464890},
  timestamp = {Wed, 16 Oct 2019 14:14:50 +0200},
  biburl    = {https://dblp.org/rec/conf/ict/BarthGLMS18.bib},
  bibsource = {dblp computer science bibliography, https://dblp.org}
}
@TECHREPORT{5GACIA,
  AUTHOR =        {5G Alliance for Connected Industries and Automation},
  TITLE =         {White paper: 5G for Connected Industries and Automation , second edition
                },

  INSTITUTION =   {5G Alliance for Connected Industries and Automation},
  
  URL   =         {https://www.5g-acia.org/publications/5g-for-connected-industries-and-automation-white-paper/},
  CONTACT =       {Alexander Bentkus}
}

@TECHREPORT{RELEASENOKIA,
  AUTHOR =        {Baker, Matthew and Poikselkâ, Miikka},
  TITLE =         {White paper: 5G Releases 16 and 17 in 3GPP
                },

  INSTITUTION =   {Nokia}
  

}
@article{Schwiebert1996ANA,
  title={A Necessary and Sufficient Condition for Deadlock-Free Wormhole Routing},
  author={L. Schwiebert and D. Jayasimha},
  journal={J. Parallel Distributed Comput.},
  year={1996},
  volume={32},
  pages={103-117}
}

@misc{krishnamurthy2003latency,
  title={Latency-based statistical multiplexing},
  author={Krishnamurthy, Ravi and Sethuraman, Sriram and Lee, Xiaobing and Chiang, Tihao},
  year={2003},
  month=dec # "~16",
  publisher={Google Patents},
  note={US Patent 6,665,872}
}

 @book{bouguen2012lte,
  title={LTE pour les reseaux 4G},
  author={Bouguen, Yannick and Hardouin, Eric and Wolff, Fran{\c{c}}ois-Xavier},
  year={2012},
  publisher={Editions Eyrolles}
}
@article{mobile2011c,
  title={C-{RAN}: the road towards green {RAN}},
  author={Mobile, China},
  journal={White Paper, ver},
  volume={2},
  year={2011}
}
@article{boccardi2014five,
  title={Five disruptive technology directions for {5G}},
  author={Boccardi, Federico and Heath, Robert W and Lozano, Angel and Marzetta, Thomas L and Popovski, Petar},
  journal={IEEE Communications Magazine},
  volume={52},
  number={2},
  pages={74--80},
  year={2014},
  publisher={IEEE}
}
@article{silviu2017,
author = {Craciunas, Silviu and Serna Oliver, Ramon and Steiner, Wilfried},
year = {2017},
month = {12},
pages = {},
title = {Formal Scheduling Constraints for Time-Sensitive Networks}
}
@inproceedings{venkatramani1994supporting,
  title={Supporting real-time traffic on Ethernet},
  author={Venkatramani, Chitra and Chiueh, Tzi-cker},
  booktitle={Real-Time Systems Symposium, 1994., Proceedings.},
  pages={282--286},
  year={1994},
  organization={IEEE}
}
@misc{khaunte2003technique,
  title={Technique for supporting tiers of traffic priority levels in a packet-switched network},
  author={Khaunte, Sunil},
  year={2003},
  month=apr # "~8",
  publisher={Google Patents},
  note={US Patent 6,546,017}
}
@misc{leclerc2020optical,
  title={Optical packet switching based on traffic properties},
  author={Leclerc, Brice and Marc{\'e}, Olivier and Chiaroni, Dominique and Uscumlic, Bogdan},
  year={2020},
  month=jun # "~30",
  publisher={Google Patents},
  note={US Patent 10,701,466}
}

@misc{leclerc2016signaling,
  title={Signaling for transmission of coherent data flow within packet-switched network},
  author={Leclerc, B. and Marcé, O.},
  url={http://www.google.com.gt/patents/EP2978180A1?cl=en},
  year={2016},
  month=jan # "~27",
  publisher={Google Patents},
  note={EP Patent App. EP20,140,306,186}
}
@misc{leclerc2016transmission,
  title={Transmission of coherent data flow within packet-switched network},
  author={Leclerc, B. and Marcé, O.},
  url={https://www.google.com.gt/patents/EP3032781A1?cl=en},
  year={2016},
  month=jun # "~15",
  publisher={Google Patents},
  note={EP Patent App. EP20,140,307,006}
}
@inproceedings{durr2016no,
  title={No-wait packet scheduling for IEEE time-sensitive networks (TSN)},
  author={D{\"u}rr, Frank and Nayak, Naresh Ganesh},
  booktitle={Proceedings of the 24th International Conference on Real-Time Networks and Systems},
  pages={203--212},
  year={2016}
}



@article{DBLP:journals/corr/abs-1801-07029,
  author    = {Dominique Barth and
               Ma{\"{e}}l Guiraud and
               Yann Strozecki},
  title     = {Deterministic Scheduling of Periodic Messages for Cloud {RAN}},
  journal   = {CoRR},
  volume    = {abs/1801.07029},
  year      = {2018},
  url       = {http://arxiv.org/abs/1801.07029},
  archivePrefix = {arXiv},
  eprint    = {1801.07029},
  timestamp = {Mon, 13 Aug 2018 16:47:27 +0200},
  biburl    = {https://dblp.org/rec/journals/corr/abs-1801-07029.bib},
  bibsource = {dblp computer science bibliography, https://dblp.org}
}

@inproceedings{DBLP:conf/ondm/BarthGS19,
  author    = {Dominique Barth and
               Ma{\"{e}}l Guiraud and
               Yann Strozecki},
  title     = {Deterministic Contention Management for Low Latency Cloud {RAN} over
               an Optical Ring},
  booktitle = {Optical Network Design and Modeling - 23rd {IFIP} {WG} 6.10 International
               Conference, {ONDM} 2019},
  series    = {Lecture Notes in Computer Science},
  volume    = {11616},
  pages     = {479--491},
  publisher = {Springer},
  year      = {2019},
}

@unpublished{guiraud2020synchronized,
  title={Scheduling Synchronized Periodic Messages on a Meshed Network},
  author={Barth, Dominique and Guiraud, Ma{\"e}l and Leclerc, Brice and Marc{\'e}, Olivier and Strozecki, Yann},
  year={2020}
}


@unpublished{guiraud2020scheduling,
  title={Scheduling Periodic Messages on a Shared Link},
  author={Guiraud, Ma{\"e}l and Strozecki, Yann},
  journal={arXiv preprint arXiv:2002.07606},
  year={2020}
}





@INPROCEEDINGS{7356556,  author={N. G. {Nayak} and F. {Durr} and K. {Rothermel}},  booktitle={2015 5th International Conference on the Internet of Things (IOT)},   title={Software-defined environment for reconfigurable manufacturing systems},   year={2015},  volume={},  number={},  pages={122-129},  doi={10.1109/IOT.2015.7356556}}
@article{li2015software,
  title={Software-defined network function virtualization: A survey},
  author={Li, Yong and Chen, Min},
  journal={IEEE Access},
  volume={3},
  pages={2542--2553},
  year={2015},
  publisher={IEEE}
}

@ARTICLE{4579760,  author={},  journal={IEEE Std 1588-2008 (Revision of IEEE Std 1588-2002)},   title={IEEE Standard for a Precision Clock Synchronization Protocol for Networked Measurement and Control Systems},   year={2008},  volume={},  number={},  pages={1-300},  doi={10.1109/IEEESTD.2008.4579760}}
@ARTICLE{5741898,  author={},  journal={IEEE Std 802.1AS-2011},   title={IEEE Standard for Local and Metropolitan Area Networks - Timing and Synchronization for Time-Sensitive Applications in Bridged Local Area Networks},   year={2011},  volume={},  number={},  pages={1-292},  doi={10.1109/IEEESTD.2011.5741898}}
@ARTICLE{8613095,  author={},  journal={IEEE Std 802.1Qbv-2015 (Amendment to IEEE Std 802.1Q-2014 as amended by IEEE Std 802.1Qca-2015, IEEE Std 802.1Qcd-2015, and IEEE Std 802.1Q-2014/Cor 1-2015)},   title={IEEE Standard for Local and metropolitan area networks -- Bridges and Bridged Networks - Amendment 25: Enhancements for Scheduled Traffic},   year={2016},  volume={},  number={},  pages={1-57},  doi={10.1109/IEEESTD.2016.8613095}}
@article{article,
author = {Bujosa, Daniel and Álvarez, Inés and Proenza, Julian},
year = {2020},
month = {08},
pages = {1-1},
title = {CSRP: an Enhanced Protocol for Consistent Reservation of Resources in AVB/TSN},
volume = {PP},
journal = {IEEE Transactions on Industrial Informatics},
doi = {10.1109/TII.2020.3015926}
}
@ARTICLE{6755436,  author={},  journal={IEEE P802-REV/D1.7},   title={IEEE Draft Standard for Local and Metropolitan Area Networks: Overview and Architecture},   year={2014},  volume={},  number={},  pages={1-68},  doi={}}

@phdthesis{strotmann2007railway,
  title={Railway scheduling problems and their decomposition},
  author={Strotmann, Christian},
  year={2007},
  school={PhD thesis, Universit{\"a}t Osnabr{\"u}ck}
}


@inproceedings{cole1996benefit,
  title={On the benefit of supporting virtual channels in wormhole routers},
  author={Cole, Richard J and Maggs, Bruce M and Sitaraman, Ramesh K},
  booktitle={Proceedings of the eighth annual ACM symposium on Parallel algorithms and architectures},
  pages={131--141},
  year={1996},
  organization={ACM}
}

@misc{ieee802,
  title = {Time-Sensitive Networking Task Group},
  howpublished = {\url{http://www.ieee802.org/1/pages/tsn.html}},
  note = {Accessed: 2016-09-22}
}

@techreport{haleplidis2015software,
  title={Software-defined networking (sdn): Layers and architecture terminology},
  author={Haleplidis, Evangelos and Pentikousis, Kostas and Denazis, Spyros and Salim, J Hadi and Meyer, David and Koufopavlou, Odysseas},
  year={2015}
}


@misc{howe2004time,
  title={Time-scheduled and time-reservation packet switching},
  author={Howe, Wayne},
  year={2004},
  month=sep # "~22",
  publisher={Google Patents},
  note={US Patent App. 10/947,487}
}
@article{holyer1981np,
  title={The NP-completeness of edge-coloring},
  author={Holyer, Ian},
  journal={SIAM Journal on computing},
  volume={10},
  number={4},
  pages={718--720},
  year={1981},
  publisher={SIAM}
}

@inproceedings{zuckerman2006linear,
  title={Linear degree extractors and the inapproximability of max clique and chromatic number},
  author={Zuckerman, David},
  booktitle={Proceedings of the thirty-eighth annual ACM symposium on Theory of computing},
  pages={681--690},
  year={2006},
  organization={ACM}
}

@article{orman1997complexity,
  title={On the complexity of coupled-task scheduling},
  author={Orman, Alex J and Potts, Chris N},
  journal={Discrete Applied Mathematics},
  volume={72},
  number={1-2},
  pages={141--154},
  year={1997},
  publisher={Elsevier}
}

@misc{webpage,
  title = { Maël Guiraud's website },
  howpublished = {\url{https://mael-guiraud.github.io/}}
  }

@article{pizzinat2015things,
  title={Things you should know about fronthaul},
  author={Pizzinat, Anna and Chanclou, Philippe and Saliou, Fabienne and Diallo, Thierno},
  journal={Journal of Lightwave Technology},
  volume={33},
  number={5},
  pages={1077--1083},
  year={2015},
  publisher={IEEE}
}

@inproceedings{tayq2017real,
  title={Real time demonstration of the transport of ethernet fronthaul based on vRAN in optical access networks},
  author={Tayq, Z and Neto, L Anet and Le Guyader, B and De Lannoy, A and Chouaref, M and Aupetit-Berthelemot, C and Anjanappa, M Nelamangala and Nguyen, S and Chowdhury, K and Chanclou, P},
  booktitle={Optical Fiber Communications Conference and Exhibition (OFC), 2017},
  pages={1--3},
  year={2017},
  organization={IEEE}
}

@article{lenstra1977complexity,
  title={Complexity of machine scheduling problems},
  author={Lenstra, Jan Karel and Kan, AHG Rinnooy and Brucker, Peter},
  journal={Annals of discrete mathematics},
  volume={1},
  pages={343--362},
  year={1977},
  publisher={Elsevier}
}

@manual{3gpp5g,
    organization  = "3GPP",
    title         = "3rd Generation Partnership Project;
Technical Specification Group Services and System Aspects;
Service requirements for the 5G system;",
    note          = "Stage 1
(Release 16) "
}

@inproceedings{korst1991periodic,
  title={Periodic multiprocessor scheduling},
  author={Korst, Jan and Aarts, Emile and Lenstra, Jan Karel and Wessels, Jaap},
  booktitle={PARLE’91 Parallel Architectures and Languages Europe},
  pages={166--178},
  year={1991},
  organization={Springer}
}

@book{hanen1993cyclic,
  title={Cyclic scheduling on parallel processors: an overview},
  author={Hanen, Claire and Munier, Alix},
  year={1993},
  publisher={Universit{\'e} de Paris-Sud, Centre d'Orsay, Laboratoire de Recherche en Informatique}
}

@article{aupy2017periodic,
  title={Periodic I/O scheduling for super-computers},
  author={Aupy, Guillaume and Gainaru, Ana and F{\`e}vre, Valentin Le},
  journal={arXiv preprint arXiv:1702.06900},
  year={2017}
}

@INPROCEEDINGS{Guir1806:Deterministic,
AUTHOR="Dominique Barth and Maël Guiraud and Brice Leclerc and Olivier Marce and
Yann Strozecki",
TITLE="Deterministic Scheduling of Periodic Messages for Cloud {RAN}",
BOOKTITLE="2018 25th International Conference on Telecommunications (ICT) (ICT 2018)",
ADDRESS="Saint Malo, France",
DAYS=25,
MONTH=jun,
YEAR=2018,
KEYWORDS="Cloud RAN; Latency; Deterministic Networking; Periodicity",
}



@article{lusby2011railway,
  title={Railway track allocation: models and methods},
  author={Lusby, Richard M and Larsen, Jesper and Ehrgott, Matthias and Ryan, David},
  journal={OR spectrum},
  volume={33},
  number={4},
  pages={843--883},
  year={2011},
  publisher={Springer}
}
@article{serafini1989mathematical,
  title={A mathematical model for periodic scheduling problems},
  author={Serafini, Paolo and Ukovich, Walter},
  journal={SIAM Journal on Discrete Mathematics},
  volume={2},
  number={4},
  pages={550--581},
  year={1989},
  publisher={SIAM}
}






@article{nayak2017incremental,
  title={Incremental flow scheduling and routing in time-sensitive software-defined networks},
  author={Nayak, Naresh Ganesh and D{\"u}rr, Frank and Rothermel, Kurt},
  journal={IEEE Transactions on Industrial Informatics},
  volume={14},
  number={5},
  pages={2066--2075},
  year={2017},
  publisher={IEEE}
}
@inproceedings{naresh2016,
author = {Nayak, Naresh and Dürr, Frank and Rothermel, Kurt},
year = {2016},
month = {10},
pages = {193-202},
title = {Time-sensitive Software-defined Network (TSSDN) for Real-time Applications},
doi = {10.1145/2997465.2997487}
}

@article{steiner2018traffic,
  title={Traffic planning for time-sensitive communication},
  author={Steiner, Wilfried and Craciunas, Silviu S and Oliver, Ramon Serna},
  journal={IEEE Communications Standards Magazine},
  volume={2},
  number={2},
  pages={42--47},
  year={2018},
  publisher={IEEE}
}
@inproceedings{dos2019tsnsched,
  title={TSNSCHED: Automated Schedule Generation for Time Sensitive Networking},
  author={dos Santos, Aellison Cassimiro T and Schneider, Ben and Nigam, Vivek},
  booktitle={2019 Formal Methods in Computer Aided Design (FMCAD)},
  pages={69--77},
  year={2019},
  organization={IEEE}
}

@misc{ieee_8023,
  title = {{IEEE} 802.3 10 Gb/s},
  url = {http://www.ieee802.org/3/10GMMFSG/},
  urldate = {2020-07-08} 
}



@article{kern2006applying,
  title={Applying statistical multiplexing and traffic grooming in optical networks jointly},
  author={Kern, Andr{\'a}s and Somogyi, Gy{\"o}rgy and Cinkler, Tibor},
  journal={GYULA SALLAI--president, Scientific Association for Infocommunications {\'A}KOS DETREK{\^O}I--president, National Council of Hungary for Information and Communications Technology},
  pages={17},
  year={2006}
}

@INPROCEEDINGS{Cast1810:Performance,
AUTHOR="Youssef {Ait el mahjoub} and Hind Castel-Taleb and Jean-Michel Fourneau",
TITLE="Performance and energy efficiency analysis in {NGREEN} optical network",
BOOKTITLE="2018 14th International Conference on Wireless and Mobile Computing,
Networking and Communications (WiMob) (WiMob 2018)",
ADDRESS="Limassol, Cyprus",
DAYS=14,
MONTH=oct,
YEAR=2018,
KEYWORDS="Green Optical Networks; Mathematical models; Performance Evaluation",
ABSTRACT="We model the end to end delay and energy efficiency in the optical network
architecture NGREEN . As the architecture is based on an optical ring, the
random part of the delay comes from the random times needed to build an
optical container from arriving Data Units and the insertion of the optical
container on the ring. We first build a DTMC (Discrete Time Markov Chain)
to model the filling of the optical container with Data Units. We take into
account a deadline (to have a small latency) and a constraint on a minimal
filling of the container (to be energy efficient). We obtain through a
numerical analysis using an ad-hoc algorithm we proved, the distribution of
the container filling and the distribution of the time needed to build a
container. Then, we use this distribution to model the inter arrival of
optical containers at a station on the ring. Through simulations and
numerical analysis of Markov chains, we obtain the insertion delays and the
occupancy of the queue before insertion. The relevance of the paper is to
propose a trade-off between energy efficiency and latency for both
opportunistic and reservation insertion modes into the ring."
}



@inproceedings{cadere2010virtual,
  title={Virtual circuit allocation with QoS guarantees in the ECOFRAME optical ring},
  author={Cad{\'e}r{\'e}, Christian and Izri, Nora and Barth, Dominique and Fourneau, Jean-Michel and Marinca, Dana and Vial, Sandrine},
  booktitle={Optical Network Design and Modeling (ONDM), 2010 14th Conference on},
  pages={1--6},
  year={2010},
  organization={IEEE}
}

@article{ngreenarchitecture,
  title={Network Energy: Problematic and solutions towards sustainable {ICT}},
  author={ Chiaroni, Dominique},
  journal={invited paper, International Commission of Optics (ICO-24)},
  year={2017},
  month={August},
  address={Tokyo}

}

@inproceedings{jiang2016network,
  title={Network slicing management \& prioritization in 5G mobile systems},
  author={Jiang, Menglan and Condoluci, Massimo and Mahmoodi, Toktam},
  booktitle={European wireless},
  pages={1--6},
  year={2016}
}


@manual{3gpp5g,
    organization  = "3GPP",
    title         = "3rd Generation Partnership Project;
Technical Specification Group Services and System Aspects;
Service requirements for the 5G system;",
    note          = "Stage 1
(Release 16) "
}


@article{szymanski2016ultra,
  title={An ultra-low-latency guaranteed-rate Internet for cloud services},
  author={Szymanski, Ted H},
  journal={IEEE/ACM Transactions on Networking},
  volume={24},
  number={1},
  pages={123--136},
  year={2016},
  publisher={IEEE}
}
@inproceedings{uscumlic2018scalable,
  title={Scalable deterministic scheduling for WDM slot switching Xhaul with zero-jitter},
  author={Uscumlic, Bogdan and Chiaroni, Dominique and Leclerc, Brice and Zami, Thierry and Gravey, Annie and Gravey, Philippe and Morvan, Michel and Barth, Dominique and Amar, Djamel},
  booktitle={2018 International Conference on Optical Network Design and Modeling (ONDM)},
  pages={100--105},
  year={2018},
  organization={IEEE}
}
   @UNPUBLISHED{youssef2018,
                  title={Model of an optical container filling},
  author={Aït El Mahjoub, Youssef and Fourneau, Jean Michel},
  note = {To be published} , year = {2018} }
  




@article{yu2004minimizing,
  title={Minimizing makespan in a two-machine flow shop with delays and unit-time operations is NP-hard},
  author={Yu, Wenci and Hoogeveen, Han and Lenstra, Jan Karel},
  journal={Journal of Scheduling},
  volume={7},
  number={5},
  pages={333--348},
  year={2004},
  publisher={Springer}
}
@article{osman1997meta,
  title={Meta-heuristics theory and applications},
  author={Osman, Ibrahim H and Kelly, James Patrick},
  journal={Journal of the Operational Research Society},
  volume={48},
  number={6},
  pages={657--657},
  year={1997},
  publisher={Taylor \& Francis}
}

@article{ieeep802,
  title={Time-Sensitive Networks for Fronthaul},
  author={Time-Sensitive Networking Task Group of IEEE 802.1},
  year={2016},
  month={July},
  day={1},
  note={IEEE P802.1/D0.4}
}

@article{levner2010complexity,
  title={Complexity of cyclic scheduling problems: A state-of-the-art survey},
  author={Levner, Eugene and Kats, Vladimir and de Pablo, David Alcaide L{\'o}pez and Cheng, TC Edwin},
  journal={Computers \& Industrial Engineering},
  volume={59},
  number={2},
  pages={352--361},
  year={2010},
  publisher={Elsevier}
}


@book{downey2012parameterized,
  title={Parameterized complexity},
  author={Downey, Rodney G and Fellows, Michael Ralph},
  year={2012},
  publisher={Springer Science \& Business Media}
}

@inproceedings{de2011treewidth,
  title={Treewidth and hyperbolicity of the internet},
  author={De Montgolfier, Fabien and Soto, Mauricio and Viennot, Laurent},
  booktitle={Network Computing and Applications (NCA), 2011 10th IEEE International Symposium on},
  pages={25--32},
  year={2011},
  organization={IEEE}
}

@misc{tindell1992store,
  title={Store and forward video system},
  author={Tindell, Elbert G and Crawford, Kyle},
  year={1992},
  month=jul # "~14",
  publisher={Google Patents},
  note={US Patent 5,130,792}
}

@article{kermani1979virtual,
  title={Virtual cut-through: A new computer communication switching technique},
  author={Kermani, Parviz and Kleinrock, Leonard},
  journal={Computer Networks (1976)},
  volume={3},
  number={4},
  pages={267--286},
  year={1979},
  publisher={Elsevier}
}

@article{5gppparchitecture,
  title={View on {5G} Architecture},
  author={5G PPP Architecture Working Group},
  journal={White Paper, ver},
  volume={1.0},
  year={2016}
}
@techreport{finn-detnet-architecture-08,
  number=   {draft-finn-detnet-architecture-08},
  type =    {Internet-Draft},
  institution = {Internet Engineering Task Force},
  publisher = {Internet Engineering Task Force},
  note =    {Work in Progress},
  url =   {https://tools.ietf.org/html/draft-finn-detnet-architecture-08},
  author=   {Norman Finn and Pascal Thubert},
  title=    {{Deterministic Networking Architecture}},
  pagetotal = 32,
  year =    2016
}

@article{rapportstage,
  title={Contention management for Deterministic Networking},
  author={Maël Guiraud},
  year={2016}
}
@misc{howe2005time,
  title={Time-scheduled and time-reservation packet switching},
  author={Howe, W.},
  url={https://www.google.com.gt/patents/US20050058149},
  year={2005},
  month=mar # "~17",
  publisher={Google Patents},
  note={US Patent App. 10/947,487}
}





@misc{leclerc2015contention,
  title={Contention avoidance in packet switched network equipments},
  author={Leclerc, B. and Marcé, O.},
  url={https://www.google.com/patents/EP2942916A1?cl=en},
  year={2015},
  month=nov # "~11",
  publisher={Google Patents},
  note={EP Patent App. EP20,140,167,163}
}

@misc{roos1994method,
  title={Method and a device for supervising and testing majority voting},
  author={Roos, S.G.},
  url={https://www.google.com.gt/patents/US5305325},
  year={1994},
  month=apr # "~19",
  publisher={Google Patents},
  note={US Patent 5,305,325}
}
@misc{coherentflow,
  title={Reception of datagrams of a coherent flow},
  note={15305325.1}
}

@inproceedings{simons1978fast,
  title={A fast algorithm for single processor scheduling},
  author={Simons, Barbara},
  booktitle={Foundations of Computer Science, 1978., 19th Annual Symposium on},
  pages={246--252},
  year={1978},
  organization={IEEE}
}

@article{borndorfer1998frequency,
  title={Frequency assignment in cellular phone networks},
  author={Bornd{\"o}rfer, Ralf and Eisenbl{\"a}tter, Andreas and Gr{\"o}tschel, Martin and Martin, Alexander},
  journal={Annals of Operations Research},
  volume={76},
  pages={73--93},
  year={1998},
  publisher={Springer}
}

@incollection{zhu2006recent,
  title={Recent developments in circular colouring of graphs},
  author={Zhu, Xuding},
  booktitle={Topics in discrete mathematics},
  pages={497--550},
  year={2006},
  publisher={Springer}
}

@article{zhou2013multiple,
  title={Multiple Circular Colouring as a Model for Scheduling},
  author={Zhou, Bing},
  year={2013},
  publisher={Scientific Research Publishing}
}

@article{zhu2001circular,
  title={Circular chromatic number: a survey},
  author={Zhu, Xuding},
  journal={Discrete mathematics},
  volume={229},
  number={1},
  pages={371--410},
  year={2001},
  publisher={Elsevier}
}

@article{erlebach2001complexity,
  title={The complexity of path coloring and call scheduling},
  author={Erlebach, Thomas and Jansen, Klaus},
  journal={Theoretical Computer Science},
  volume={255},
  number={1},
  pages={33--50},
  year={2001},
  publisher={Elsevier}
}

@ARTICLE{8458130,  author={A. {Nasrallah} and A. S. {Thyagaturu} and Z. {Alharbi} and C. {Wang} and X. {Shao} and M. {Reisslein} and H. {ElBakoury}},  journal={IEEE Communications Surveys   Tutorials},   title={Ultra-Low Latency (ULL) Networks: The IEEE TSN and IETF DetNet Standards and Related 5G ULL Research},   year={2019},  volume={21},  number={1},  pages={88-145},  doi={10.1109/COMST.2018.2869350}}