@inproceedings{zuckerman2006linear,
  title={Linear degree extractors and the inapproximability of max clique and chromatic number},
  author={Zuckerman, David},
  booktitle={Proceedings of the thirty-eighth annual ACM symposium on Theory of computing},
  pages={681--690},
  year={2006},
  organization={ACM}
}


@article{holyer1981np,
  title={The NP-completeness of edge-coloring},
  author={Holyer, Ian},
  journal={SIAM Journal on computing},
  volume={10},
  number={4},
  pages={718--720},
  year={1981},
  publisher={SIAM}
}

@article{alon1995color,
  title={Color-coding},
  author={Alon, Noga and Yuster, Raphael and Zwick, Uri},
  journal={Journal of the ACM (JACM)},
  volume={42},
  number={4},
  pages={844--856},
  year={1995},
  publisher={ACM}
}

@article{schmidt1990spatial,
  title={The spatial complexity of oblivious k-probe hash functions},
  author={Schmidt, Jeanette P and Siegel, Alan},
  journal={SIAM Journal on Computing},
  volume={19},
  number={5},
  pages={775--786},
  year={1990},
  publisher={SIAM}
}

@article{borndorfer1998frequency,
  title={Frequency assignment in cellular phone networks},
  author={Bornd{\"o}rfer, Ralf and Eisenbl{\"a}tter, Andreas and Gr{\"o}tschel, Martin and Martin, Alexander},
  journal={Annals of Operations Research},
  volume={76},
  pages={73--93},
  year={1998},
  publisher={Springer}
}

@incollection{zhu2006recent,
  title={Recent developments in circular colouring of graphs},
  author={Zhu, Xuding},
  booktitle={Topics in discrete mathematics},
  pages={497--550},
  year={2006},
  publisher={Springer}
}

@article{zhou2013multiple,
  title={Multiple Circular Colouring as a Model for Scheduling},
  author={Zhou, Bing},
  year={2013},
  publisher={Scientific Research Publishing}
}

@article{zhu2001circular,
  title={Circular chromatic number: a survey},
  author={Zhu, Xuding},
  journal={Discrete mathematics},
  volume={229},
  number={1},
  pages={371--410},
  year={2001},
  publisher={Elsevier}
}

