@book{dahlman20185g,
  title={5G NR: The next generation wireless access technology},
  author={Dahlman, Erik and Parkvall, Stefan and Skold, Johan},
  year={2018},
  publisher={Academic Press}
}

@TECHREPORT{5GACIA,
  AUTHOR =        {5G Alliance for Connected Industries and Automation},
  TITLE =         {White paper: 5G for Connected Industries and Automation , second edition
                },

  INSTITUTION =   {5G Alliance for Connected Industries and Automation},
  
  URL   =         {https://www.5g-acia.org/publications/5g-for-connected-industries-and-automation-white-paper/},
  CONTACT =       {Alexander Bentkus}
}

@TECHREPORT{RELEASENOKIA,
  AUTHOR =        {Baker, Matthew and Poikselkâ, Miikka},
  TITLE =         {White paper: 5G Releases 16 and 17 in 3GPP
                },

  INSTITUTION =   {Nokia},
  

}

@misc{ieee802,
  title = {Time-Sensitive Networking Task Group},
  howpublished = {http://www.ieee802.org/1/pages/tsn.html},
  note = {Accessed: 2016-09-22}
}
 @book{bouguen2012lte,
  title={LTE pour les reseaux 4G},
  author={Bouguen, Yannick and Hardouin, Eric and Wolff, Fran{\c{c}}ois-Xavier},
  year={2012},
  publisher={Editions Eyrolles}
}
@article{mobile2011c,
  title={C-{RAN}: the road towards green {RAN}},
  author={Mobile, China},
  journal={White Paper, ver},
  volume={2},
  year={2011}
}
@article{boccardi2014five,
  title={Five disruptive technology directions for {5G}},
  author={Boccardi, Federico and Heath, Robert W and Lozano, Angel and Marzetta, Thomas L and Popovski, Petar},
  journal={IEEE Communications Magazine},
  volume={52},
  number={2},
  pages={74--80},
  year={2014},
  publisher={IEEE}
}
@inproceedings{venkatramani1994supporting,
  title={Supporting real-time traffic on Ethernet},
  author={Venkatramani, Chitra and Chiueh, Tzi-cker},
  booktitle={Real-Time Systems Symposium, 1994., Proceedings.},
  pages={282--286},
  year={1994},
  organization={IEEE}
}
@misc{khaunte2003technique,
  title={Technique for supporting tiers of traffic priority levels in a packet-switched network},
  author={Khaunte, Sunil},
  year={2003},
  month=apr # "~8",
  publisher={Google Patents},
  note={US Patent 6,546,017}
}
@misc{leclerc2016signaling,
  title={Signaling for transmission of coherent data flow within packet-switched network},
  author={Leclerc, B. and MarcÃ©, O.},
  url={http://www.google.com.gt/patents/EP2978180A1?cl=en},
  year={2016},
  month=jan # "~27",
  publisher={Google Patents},
  note={EP Patent App. EP20,140,306,186}
}
@misc{leclerc2016transmission,
  title={Transmission of coherent data flow within packet-switched network},
  author={Leclerc, B. and MarcÃ©, O.},
  url={https://www.google.com.gt/patents/EP3032781A1?cl=en},
  year={2016},
  month=jun # "~15",
  publisher={Google Patents},
  note={EP Patent App. EP20,140,307,006}
}
@inproceedings{durr2016no,
  title={No-wait packet scheduling for IEEE time-sensitive networks (TSN)},
  author={D{\"u}rr, Frank and Nayak, Naresh Ganesh},
  booktitle={Proceedings of the 24th International Conference on Real-Time Networks and Systems},
  pages={203--212},
  year={2016}
}

